<?xml version="1.0" encoding="UTF-8"?><collection xmlns="http://www.loc.gov/MARC21/slim"><record><leader>00447nam--2200169-i-4500</leader><controlfield tag="001">000045361</controlfield><controlfield tag="002">20161230</controlfield><controlfield tag="005">20161230201045</controlfield><controlfield tag="008">060222s1000------------r-----000-0-eng-d</controlfield><datafield ind1=" " ind2=" " tag="080"><subfield code="a">543:541.1</subfield></datafield><datafield ind1="1" ind2=" " tag="100"><subfield code="a">Takesaki,Masamichi</subfield></datafield><datafield ind1="1" ind2="0" tag="245"><subfield code="a">Theory and practice</subfield></datafield><datafield ind1=" " ind2=" " tag="260"><subfield code="a">New York, Interscience Encyclopedia, 1959</subfield></datafield><datafield ind1=" " ind2=" " tag="490"><subfield code="v">part 1</subfield></datafield><datafield ind1=" " ind2=" " tag="700"><subfield code="a">Kolthof,I.M.,Elving,O.Andsandell,E.B</subfield></datafield><datafield ind1=" " ind2=" " tag="852"><subfield code="a">15965</subfield><subfield code="c">517.9</subfield></datafield><datafield ind1=" " ind2=" " tag="CAT"><subfield code="a">Sys</subfield><subfield code="c">20090323</subfield><subfield code="h">091133</subfield></datafield></record></collection>